%================== BOOK ====================

@book{satish:drm,
author = "{D Pgdba Satish}",
title = "{D}igital {R}ights {M}anagement : {A}n {I}ntroduction",
publisher = "Icfai University Press",
year = "2007",
address = "Hyderabad, India",
isbn = {9788131407929}
}
%isbn = {8131407926},
%isbn = "978-8131407929"

@book{aigrain:sharing,
author = "{Philippe Aigrain}",
title = "Sharing : {C}ulture and the {E}conomy in the {I}nternet {A}ge",
publisher = "Amsterdam University Press",
year = "2012",
address = "Amsterdam, Netherlands",
isbn = {9789089643858}
}
%isbn = {9089643850},
%url = "http://www.aup.nl/do.php?a=show_visitor_book&isbn=9789089643858"
%isbn = "978-90 8964 385 8"

@book{marshall:reading,
author = "{Catherine C. Marshall}",
title = "Reading and {W}riting the {E}lectronic {B}ook",
publisher = "Morgan \& Claypool",
year = "2010",
address = "San Rafael, California, United States",
isbn = {9781598299052}
}

@book{doctorow:context,
author = "{Cory Doctorow}",
title = "Context",
publisher = "Tachyon Publications",
year = "2011",
address = "San Francisco, California, United States",
isbn = {9781616960485}
}
% url = {http://craphound.com/context/}

@book{man:info_ret,
author = "{Christopher D. Manning} and {Prabhakar Raghavan} and {Hinrich Sch\"{u}tze}",
title = "Introduction to {I}nformation {R}etrieval",
publisher = "Cambridge University Press",
year = "2008",
isbn = {9780521865715}
}
%url = "http://dx.doi.org/10.1017/CBO9780511809071.021",
%Cambridge Books Online
%20 - Web crawling and indexes  pp. 405-420


%================== ARTICLE =================

@article{ieee:drm_watermark,
author = "{Frank Hartung} and {Friedhelm Ramme}",
journal = "Communications Magazine, IEEE", 
title = "Digital rights management and watermarking of multimedia content for m-commerce applications",
year = "2000",
month = "nov",
volume = "38",
number = "11",
pages = { 78 - 84},
doi = "10.1109/35.883493",
ISSN = "0163-6804"
}

@article{ieee:info_hiding,
author = "{Fabien A. P. Petitcolas} and {Ross J. Anderson} and {Markus G. Kuhn}",
journal = "Proceedings of the IEEE", 
title = "Information hiding-a survey",
year = "1999",
month = "jul",
volume = "87",
number = "7",
pages = {1062 -1078},
doi = "10.1109/5.771065",
ISSN = "0018-9219"
}

@inproceedings{inweb:crawling,
author = "{Gautam Pant} and {Padmini Srinivasan} and {Filippo Menczer}",
title = "Crawling the {W}eb",
booktitle = {In Web Dynamics: Adapting to Change in Content, Size, Topology and Use.},
editor = "{M. Levene} and {A. Poulovassilis}",
year = "2004",
pages = "153--178",
publisher = "Springer-Verlag"
}
%http://pdf.aminer.org/000/003/078/crawling_the_web.pdf

@incollection{naj:crawl,
author = "{Marc Najork}",
title = "Web {C}rawler {A}rchitecture",
booktitle = "Encyclopedia of {D}atabase {S}ystems",
editor = "{Ling Liu} and {M. Tamer \"{O}zsu}",
ee = {http://dx.doi.org/10.1007/978-0-387-39940-9_457},
isbn = {978-0-387-39940-9},
pages = "3462--3465",
publisher = "Springer US",
year = "2009"
}
%http://research.microsoft.com/pubs/102936/eds-webcrawlerarchitecture.pdf#page=1&zoom=auto,0,800

@article{un:udhr,
author = "{International Community, United Nations}",
title = "{The Universal Declaration of Human Rights}",
publisher = "International Community, United Nations",
url = "http://www.un.org/en/documents/udhr",
year = "1948"
}

%================ THESIS ====================

@phdthesis{dekker:apriori,
author = "{M. A. C. Dekker}",
title = "Flexible Access Control for Dynamic Collaborative Environments",
eprintid = "16909",
number = "CTIT Ph.D.-thesis series No. 09-159",
month = "December",
official_url = "http://dx.doi.org/10.3990/1.9789036529501",
issn = "1381-3617",
num_pages = "151",
supervisors = "{S. {Etalle}} and {P. H. {Hartel}}",
funding = "SenterNovem",
address = "Enschede",
school = "University of Twente",
publisher = "Centre for Telematics and Information Technology University of Twente",
id_number = "10.3990/1.9789036529501",
isbn_13 = "978-90-365-2950-1",
howpublished = "http://eprints.eemcs.utwente.nl/16909/",
phd_type = "B",
research_groups = "EWI-DIES: Distributed and Embedded Security",
research_programs = "CTIT-ISTRICE: Integrated Security and Privacy in a Networked World",
research_projects = "PAW: Privacy in an Ambient World",
year = "2009"
}

%================== WEB =====================

@online{w3c:uc_annotation,
title = "Use {C}ase {S}ocial {A}nnotation",
author = "{Uldis Bojars}",
year = "2011",
publisher = "{W3C}",
url = "http://www.w3.org/2005/Incubator/lld/wiki/Use_Case_Social_Annotation;  http://www.w3.org/2005/Incubator/lld/wiki/index.php?title=Use_Case_Social_Annotation&oldid=5794",
lastchecked = "January~16, 2012"
}
%howpublished = "\url{http://www.w3.org/2005/Incubator/lld/wiki/Use_Case_Social_Annotation}",
%note = "(accessed 16-January-2012)"

@online{cambridge:dictionary:researcher,
title = "research verb - definition in {B}ritish {E}nglish {D}ictionary \& {T}hesaurus - {C}ambridge {D}ictionary {O}nline",
author = "{Cambridge Dictionary Online}",
year = "2011",
publisher = "Cambridge University Press",
url = "http://dictionary.cambridge.org/dictionary/british/research_2?q=researcher",
lastchecked = "January~10, 2012"
}
%howpublished = "\url{http://dictionary.cambridge.org/dictionary/british/research_2?q=researcher}",
%note = "(accessed 10-January-2012)"

@online{cambridge:dictionary:e-book,
title = "electronic book noun - definition in {B}ritish {E}nglish {D}ictionary \& {T}hesaurus - {C}ambridge {D}ictionary {O}nline",
year = "2011",
author = "{Cambridge Dictionary Online}",
publisher = "Cambridge University Press",
url = "http://dictionary.cambridge.org/dictionary/british/elec-tronic-book",
lastchecked = "May~16, 2012"
}
%howpublished = "\url{http://dictionary.cambridge.org/dictionary/british/elec-tronic-book}",
%note = "(accessed 16-May-2012)"

@online{oxford:dictionary:e-book,
title = "Definition for e-book - {O}xford {D}ictionaries {O}nline ({W}orld {E}nglish)",
author = "{Cambridge Dictionary Online}",
year = "2012",
publisher = "Oxford University Press",
url = "http://oxforddictionaries.com/definition/e-book",
lastchecked = "May~16, 2012"
}
%howpublished = "\url{http://oxforddictionaries.com/definition/e-book}",
%note = "(accessed 16-May-2012)"

@online{thefreedictionary:library,
title = "library - definition of library by the {F}ree {O}nline {D}ictionary, {T}hesaurus and {E}ncyclopedia",
author = "{Free Online Dictionary, Thesaurus and Encyclopedia}",
year = "2012",
publisher = "Farlex, Inc",
url = "http://www.thefreedictionary.com/library",
lastchecked = "January~10, 2012"
}
%howpublished = "\url{http://www.thefreedictionary.com/library}",
%note = "(accessed 10-January-2012)"

@online{eur-lex:2001/29/EC,
title = "{DIRECTIVE 2001/29/EC OF THE EUROPEAN PARLIAMENT AND OF THE COUNCIL} of 22 {M}ay 2001 on the harmonisation of certain aspects of copyright and related rights in the information society",
year = "2001",
author = "{European Parliament, Council}",
publisher = "EUR-Lex, http://eur-lex.europa.eu/",
url = "http://eur-lex.europa.eu/LexUriServ/LexUriServ.do?uri=OJ:L:2001:167:0010:0019:EN:PDF",
lastchecked = "February~22, 2012"
}
%howpublished = "\url{http://eur-lex.europa.eu/LexUriServ/LexUriServ.do?uri=OJ:L:2001:167:0010:0019:EN:PDF}",
%note = "(accessed 22-February-2012)"

@online{fsf:defectivebydesign,
title = "What is {DRM}? {D}igital {R}estrictions {M}anagement",
author = "{Matt Lee}",
year = "2006",
publisher = "Free Software Foundation, http://www.fsf.org/",
url = "http://www.defectivebydesign.org/what_is_drm",
lastchecked = "February~24, 2012"
}
%howpublished = "\url{http://www.defectivebydesign.org/what_is_drm}",
%note = "(accessed 24-February-2012)"

@online{finlex:copyright_act,
title = "{FINLAND COPYRIGHT LEGISLATION} 2010, {U}nofficial {T}ranslations in {E}nglish",
year = "2010",
author = "{Ministry of Education and Culture}",
publisher = "Finlex.fi / Ministry of Justice and Edita Publishing",
url = "http://www.finlex.fi/en/laki/kaannokset/1961/en19610404.pdf",
lastchecked = "February~27, 2012"
}
%howpublished = "\url{http://www.finlex.fi/en/laki/kaannokset/1961/en19610404.pdf}",
%note = "(accessed 27-February-2012)"
%note = "Only statutes published in Statutes of Finland (Säädöskokoelma) in Finnish and Swedish are legally binding"

@online{wipo:wct,
title = "{WIPO} {C}opyright {T}reaty",
author = "{World Intellectual Property Organization (WIPO)}",
year = "1996",
publisher = "CLEA - Collection of Laws for Electronic Access",
url = "http://www.wipo.int/wipolex/en/treaties/text.jsp?file_id=177635",
lastchecked = "February~28, 2012"
}
%howpublished = "\url{http://www.wipo.int/wipolex/en/treaties/text.jsp?file_id=177635}",
%note = "(accessed 28-February-2012)"

@online{gpo:dmca,
title = "{D}igital {M}illennium {C}opyright {A}ct",
year = "1998",
author = "{Senate and House of Representatives of the United States of America}",
publisher = "GPO - U.S. Government Printing Office",
url = "http://frwebgate.access.gpo.gov/cgi-bin/getdoc.cgi?dbname=105_cong_public_laws&docid=f:publ304.105.pdf",
lastchecked = "February~28, 2012"
}
%howpublished = "\url{http://frwebgate.access.gpo.gov/cgi-bin/getdoc.cgi?dbname=105_cong_public_laws&docid=f:publ304.105.pdf}",
%note = "(accessed 28-February-2012)"

@online{droit-technologie:internet_copyright,
title = "Internet et droit d'auteur",
year = "2001",
author = "{S\'everine Dusollier}",
publisher = "Droit \& Nouvelles Technologies",
url = "http://www.droit-technologie.org/upload/dossier/doc/50-1.pdf",
lastchecked = "February~22, 2012",
note = "(in French)"
}
%howpublished = "\url{http://www.droit-technologie.org/upload/dossier/doc/50-1.pdf}",
%note = "(accessed 22-February-2012)"

@online{wipo:about,
title = "What is {WIPO}?",
author = "{World Intellectual Property Organization (WIPO)}",
url = "http://www.wipo.int/about-wipo/en/",
lastchecked = "March~05, 2012"
}
%howpublished = "\url{http://www.wipo.int/about-wipo/en/}",
%note = "(accessed 05-March-2012)"
%year = "??",
%publisher = "??",

@online{adobe:whitepaper,
title = "Adobe e{B}ook {P}latform: {A}uthoring and delivering e{B}ooks across devices?",
year = "2010",
author = "{Adobe Systems Incorporated}",
publisher = "Adobe Systems Incorporated",
url = "http://wwwimages.adobe.com/www.adobe.com/content/dam/Adobe/en/products/content-server/pdfs/adobe-ebook-platform-whitepaper.pdf",
lastchecked = "January~30, 2012"
}
%howpublished = "\url{http://wwwimages.adobe.com/www.adobe.com/content/dam/Adobe/en/products/content-server/pdfs/adobe-ebook-platform-whitepaper.pdf}",
%note = "(accessed 30-January-2012)"
%author = "??",

@online{zdnet:apple_ibooks_license,
title = "Closing thoughts on {A}pple's greedy, \textquotedblleft crazy evil\textquotedblright ~i{B}ooks license",
author = "{Ed Bott}",
year = "2012",
publisher = "ZDNet",
url = "http://www.zdnet.com/blog/bott/closing-thoughts-on-apples-greedy-crazy-evil-ibooks-license/4414",
lastchecked = "March~20, 2012"
}
%howpublished = "\url{http://www.zdnet.com/blog/bott/closing-thoughts-on-apples-greedy-crazy-evil-ibooks-license/4414}",
%note = "(accessed 20-March-2012)"

@online{icabbages:adobe_drm_hack,
title = "Circumventing {A}dobe {ADEPT DRM} for {EPUB}",
author = "{I$\heartsuit$CABBAGES}",
year = "2009",
url = "http://i-u2665-cabbages.blogspot.com/2009/02/circumventing-adobe-adept-drm-for-epub.html",
lastchecked = "March~27, 2012"
}
%publisher = "blogspot.com",
%howpublished = "\url{http://i-u2665-cabbages.blogspot.com/2009/02/circumventing-adobe-adept-drm-for-epub.html}",
%note = "(accessed 27-March-2012)"

@online{adobe:digital_publishing,
title = "Adobe {D}igital {P}ublishing {S}olution for e{B}ooks",
author = "{Adobe Systems Incorporated}",
publisher = "Adobe Systems Incorporated",
year = "2010",
url = "http://www.adobe.com/digitalpublishing/ebook/",
lastchecked = "March~14, 2012"
}
%author = "?",
%howpublished = "\url{http://www.adobe.com/digitalpublishing/ebook/}",
%note = "(accessed 14-March-2012)"

@online{adobe:content_server_architecture,
title = "Adobe {C}ontent {S}erver / {A}rchitecture",
author = "{Adobe Systems Incorporated}",
publisher = "Adobe Systems Incorporated",
year = "2012",
url = "http://www.adobe.com/products/content-server/architecture.html",
lastchecked = "March~14, 2012"
}
%author = "?",
%howpublished = "\url{http://www.adobe.com/products/content-server/architecture.html}",
%note = "(accessed 14-March-2012)"

@online{kustantajat:year_sale_ebook,
title = "Yearly sales {D}igital publications (1 000 \euro) 2007-2010",
author = "{Finnish Book Publishers Association}",
publisher = "Finnish Book Publishers Association",
year = "2012",
url = "http://tilastointi.kustantajat.fi/PublicReporting/Yearly.aspx?reportName=YearlySalesEurDigital.xml&language=ENG",
lastchecked = "March~15, 2012",
note = "(graph generated on the fly in a pop-up by clicking a cell)"
}
%author = "?",
%howpublished = "\url{http://tilastointi.kustantajat.fi/PublicReporting/Yearly.aspx?reportName=YearlySalesEurDigital.xml&language=ENG}",
%note = "(accessed 15-March-2012)"

@online{adobe:content_server,
title = "Adobe {C}ontent {S}erver",
author = "{Adobe Systems Incorporated}",
publisher = "Adobe Systems Incorporated",
year = "2012",
url = "http://www.adobe.com/products/content-server.html",
lastchecked = "January~30, 2012"
}
%author = "?",
%howpublished = "\url{http://www.adobe.com/products/content-server.html}",
%note = "(accessed 30-January-2012)"

@online{adobe:digital_editions,
title = "Adobe {D}igital {E}ditions",
author = "{Adobe Systems Incorporated}",
publisher = "Adobe Systems Incorporated",
year = "2012",
url = "http://www.adobe.com/products/digitaleditions/",
lastchecked = "March~12, 2012"
}
%author = "?",
%howpublished = "http://www.adobe.com/products/digitaleditions/",
%note = "(accessed 12-March-2012)"

@online{adobe:reader_sdk,
title = "Reader {M}obile {D}eveloper {C}enter",
author = "{Adobe Systems Incorporated}",
publisher = "Adobe Systems Incorporated",
year = "2012",
url = "http://www.adobe.com/devnet/readermobile.html",
lastchecked = "March~12, 2012"
}
%author = "?",
%howpublished = "http://www.adobe.com/devnet/readermobile.html",
%note = "(accessed 12-March-2012)"

@online{adobe:ade_linux,
title = "Adobe {D}igital {E}ditions {F}orum - {W}hen will {L}inux version be released?",
author = "{Adobe Systems Incorporated}",
publisher = "Adobe Systems Incorporated",
year = "2007",
url = "http://forums.adobe.com/message/1230686",
lastchecked = "March~20, 2012"
}
%author = "Robert_Kasanicky",
%howpublished = "http://forums.adobe.com/message/1230686",
%note = "(accessed 20-March-2012)"

@online{adobe:content_server_price,
title = "Adobe {C}ontent {S}erver {F}orum - {ADEPT} and {C}ontent {S}erver 4 --- MIA?",
author = "{Adobe Systems Incorporated}",
publisher = "Adobe Systems Incorporated",
year = "2008",
url = "http://forums.adobe.com/thread/312867",
lastchecked = "March~02, 2012"
}
%author = "ivo_welch",
%howpublished = "http://forums.adobe.com/thread/312867",
%note = "(accessed 02-March-2012)"

@online{adobe:pdf,
title = "Adobe {PDF} history",
author = "{Adobe Systems Incorporated}",
publisher = "Adobe Systems Incorporated",
year = "2012",
url = "http://www.adobe.com/products/acrobat/adobepdf.html",
lastchecked = "May~29, 2012"
}
%author = "?",
%howpublished = "http://www.adobe.com/products/acrobat/adobepdf.html",
%note = "(accessed 29-May-2012)"

@online{ctrlpublishing:content_server_price,
title = "Buy {A}dobe {C}ontent {S}erver license",
author = "{CtrlPublishing Group}",
publisher = "CtrlPublishing Group",
year = "2012",
url = "http://www.ctrlpublishing.com/consultants/products/adobe-content-server/buy-adobe-content-server-license",
lastchecked = "March~02, 2012"
}
%author = "?",
%howpublished = "http://www.ctrlpublishing.com/consultants/products/adobe-content-server/buy-adobe-content-server-license",
%note = "(accessed 02-March-2012)"

@online{epubor:adobe_drm_removal,
title = "Adobe {ePUB\&PDF DRM R}emoval",
author = "{Epubor}",
publisher = "Epubor",
year = "2011",
url = "http://www.epubor.com/adobe-digital-editions-ade-drm-removal.html",
lastchecked = "March~04, 2012"
}
%author = "?",
%howpublished = "http://www.epubor.com/adobe-digital-editions-ade-drm-removal.html",
%note = "(accessed 04-March-2012)"

@online{eff:drm,
title = "{DRM}",
author = "{Electronic Frontier Foundation (EFF)}",
publisher = "Electronic Frontier Foundation (EFF)",
year = "2005",
url = "https://www.eff.org/issues/drm",
lastchecked = "April~04, 2012"
}
%author = "?",
%year = "2005???",
%howpublished = "https://www.eff.org/issues/drm",
%note = "(accessed 04-April-2012)"

@online{eff:e-book_drm_fail,
title = "Why {DRM} on e-{B}ooks {W}ill {F}ail",
author = "{Fred von Lohmann}",
publisher = "Electronic Frontier Foundation (EFF)",
year = "2009",
url = "https://www.eff.org/deeplinks/2009/06/why-drm-will-fail-e-",
lastchecked = "April~04, 2012"
}
%howpublished = "https://www.eff.org/deeplinks/2009/06/why-drm-will-fail-e-",
%note = "(accessed 04-April-2012)"

@online{flickr:e-book_ripper,
title = "e-book ripper",
author = "{bkrpr$\ldotp$org}",
publisher = "Flickr",
year = "2009",
url = "http://www.flickr.com/photos/bkrpr/3403655734/in/photostream/",
lastchecked = "April~04, 2012"
}
%howpublished = "http://www.flickr.com/photos/bkrpr/3403655734/in/photostream/",
%note = "(accessed 04-April-2012)"

@online{gnu:freedom_or_copyright,
title = "Freedom\textemdash or {C}opyright?",
author = "{Richard M$\ldotp$ Stallman}",
publisher = "GNU Operating System / Free Software Foundation, http://www.fsf.org/",
year = "2008",
url = "http://www.gnu.org/philosophy/freedom-or-copyright.html",
lastchecked = "April~16, 2012"
}
%howpublished = "http://www.gnu.org/philosophy/freedom-or-copyright.html",
%,
%note = "(accessed 16-April-2012)"

@online{pirate:who,
title = "Who are we?",
author = "{Piraattipuolue}",
publisher = "Piraattipuolue",
year = "2008",
url = "http://www.piraattipuolue.fi/english",
lastchecked = "April~17, 2012"
}
%year = "2008?",
% author = "?",
%howpublished = "http://www.piraattipuolue.fi/english",
%note = "(accessed 17-April-2012)"

@online{parlement:12.3326,
title = "12.3326 \textendash ~{P}ostulat: {V}ers un droit d'auteur \'equitable et compatible avec la libert\'e des internautes",
author = "{Luc Recordon}",
publisher = "Curiavista, Services du Parlement",
year = "2012",
url = "http://www.parlament.ch/f/suche/pages/geschaefte.aspx?gesch_id=20123326",
lastchecked = "April~16, 2012",
note = "(in French (also available in German and Italian))"
}
%howpublished = "http://www.parlament.ch/f/suche/pages/geschaefte.aspx?gesch_id=20123326",
%note = "(accessed 16-April-2012)"

@online{green:digital_right,
title = "Digital {R}ights are {C}ivil {R}ights",
author = "{European Green Party}",
publisher = "European Green Party",
year = "2008",
url = "http://europeangreens.eu/euroarchive/fileadmin/logos/pdf/policy_documents/resolutions/Montreuil/3._Digital_rigths_are_civil_rights.pdf",
lastchecked = "April~17, 2012"
}
% author = "?",
%howpublished = "http://europeangreens.eu/fileadmin/logos/pdf/policy_documents/resolutions/Montreuil/3._Digital_rigths_are_civil_rights.pdf",
%note = "(accessed 17-April-2012)"

@online{springer:ebooks,
title = "e{B}ooks",
author = "{Springer}",
publisher = "Springer",
year = "2012",
url = "http://www.springer.com/librarians/e-content/ebooks",
lastchecked = "April~26, 2012"
}
% year = "?",
% author = "?",
%howpublished = "http://www.springer.com/librarians/e-content/ebooks",
%note = "(accessed 26-April-2012)"

@online{oreilly:ebook,
title = "Ebook {U}sage, {D}evices, and {F}ormats",
author = "{O'Reilly Media, Inc.}",
publisher = "O'Reilly Media, Inc.",
year = "2012",
url = "http://shop.oreilly.com/category/customer-service/ebooks.do",
lastchecked = "April~26, 2012"
}
% author = "?",
%howpublished = "http://shop.oreilly.com/category/customer-service/ebooks.do",
%note = "(accessed 26-April-2012)"

@online{tor:drm-free,
title = "Tor/{F}orge {E}-book {T}itles to {G}o {DRM}-Free",
author = "{Macmillan}",
publisher = "Macmillan",
year = "2012",
url = "http://www.tor.com/blogs/2012/04/torforge-e-book-titles-to-go-drm-free",
lastchecked = "April~26, 2012"
}
% author = "?",
%howpublished = "http://www.tor.com/blogs/2012/04/torforge-e-book-titles-to-go-drm-free",
%note = "(accessed 26-April-2012)"

@online{antipope:more_drm,
title = "More on {DRM} and ebooks",
author = "{Charlie Stross}",
year = "2012",
url = "http://www.antipope.org/charlie/blog-static/2012/04/more-on-drm-and-ebooks.html",
lastchecked = "April~26, 2012"
}
%publisher = "?",
%howpublished = "http://www.antipope.org/charlie/blog-static/2012/04/more-on-drm-and-ebooks.html",
%note = "(accessed 26-April-2012)"

@online{weightless:about,
title = "About",
author = "{Weightless Books}",
publisher = "Weightless Books",
year = "2010",
url = "http://weightlessbooks.com/about/",
lastchecked = "May~10, 2012"
}
% author = "?",
%howpublished = "http://weightlessbooks.com/about/",
%note = "(accessed 10-May-2012)"

@online{fictionwise:about_multiform,
title = "About {M}ulti{F}ormat \& {S}ecure {F}ormats",
author = "{Fictionwise, Inc.}",
publisher = "Fictionwise, Inc.",
year = "2001",
url = "http://www.fictionwise.com/help/eBook-formats-FAQ.htm",
lastchecked = "May~10, 2012"
}
% author = "?",
%howpublished = "http://www.fictionwise.com/help/eBook-formats-FAQ.htm",
%note = "(accessed 10-May-2012)"

@online{robottradingcompany:faq,
title = "{FAQ}s",
author = "{Angry Robot Ltd}",
publisher = "Angry Robot Ltd",
year = "2009",
url = "http://www.robottradingcompany.com/faqs.html",
lastchecked = "May~10, 2012"
}
%author = "{Robot Trading Company}",
%howpublished = "http://www.robottradingcompany.com/faqs.html",
%note = "(accessed 10-May-2012)"

@online{bewrite:about,
title = "About {B}e{W}rite {B}ooks",
author = "{BeWrite Books}",
publisher = "BeWrite Books",
year = "2010",
url = "http://bewrite.net/mm5/merchant.mvc?Screen=ABOUT",
lastchecked = "May~10, 2012"
}
%author = "?",
%howpublished = "http://bewrite.net/mm5/merchant.mvc?Screen=ABOUT",
%note = "(accessed 10-May-2012)"

@online{wizardstowerbooks:about,
title = "About {U}s",
author = "{Wizard's Tower Press}",
publisher = "Wizard's Tower Press",
year = "2012",
url = "http://www.wizardstowerbooks.com/pages/about-us",
lastchecked = "May~10, 2012"
}
%author = "{Wizard's Tower Books}",
%howpublished = "http://www.wizardstowerbooks.com/pages/about-us",
%note = "(accessed 10-May-2012)"

@online{smashwords:about,
title = "About {S}mashwords",
author = "{Smashwords, Inc.}",
publisher = "Smashwords, Inc.",
year = "2012",
url = "http://www.smashwords.com/about",
lastchecked = "May~10, 2012"
}
%author = "?",
%howpublished = "http://www.smashwords.com/about",
%note = "(accessed 10-May-2012)"

@online{carinapress:faq,
title = "{FAQ}",
author = "{Harlequin Enterprises Limited}",
publisher = "Harlequin Enterprises Limited",
year = "2010",
url = "http://carinapress.com/blog/faq/#2",
lastchecked = "May~10, 2012"
}
%author = "{Carina Press}",
%howpublished = "http://carinapress.com/blog/faq/#2",
%note = "(accessed 10-May-2012)"

@online{baen:drm,
title = "Digital {R}ights {M}anagement ({DRM}) and our reasons for not implementing it",
author = "{Baen Publishing Enterprises}",
publisher = "Baen Publishing Enterprises",
year = "2012",
url = "http://www.baenebooks.com/t-DRM.aspx",
lastchecked = "May~10, 2012"
}
%author = "?",
%howpublished = "http://www.baenebooks.com/t-DRM.aspx",
%note = "(accessed 10-May-2012)"

@online{baen:subterranean,
title = "Subterranean {P}ress to publish ebooks through {B}aen's {W}ebscription service",
author = "{Baen Publishing Enterprises}",
publisher = "Baen Publishing Enterprises",
year = "2007",
url = "http://www.baen.com/Press/2007-09-24.htm",
lastchecked = "May~10, 2012"
}
%author = "?",
%howpublished = "http://www.baen.com/Press/2007-09-24.htm",
%note = "(accessed 10-May-2012)"

@online{idpf:epub,
title = "{EPUB}",
author = "{International Digital Publishing Forum}",
publisher = "International Digital Publishing Forum",
year = "2012",
url = "http://idpf.org/epub",
lastchecked = "May~29, 2012"
}
%author = "?",
%howpublished = "http://idpf.org/epub",
%note = "(accessed 29-May-2012)"

@online{idpf:epub3,
title = "{EPUB} 3 {O}verview",
author = "{Garth Conboy} and {Matt Garrish} and {Markus Gylling} and {William McCoy} and {MURATA Makoto} and {Daniel Weck}",
publisher = "International Digital Publishing Forum",
year = "2011",
url = "http://idpf.org/epub/30/spec/epub30-overview.html",
lastchecked = "May~29, 2012"
}
%howpublished = "http://idpf.org/epub/30/spec/epub30-overview.html",
%note = "(accessed 29-May-2012)"

@online{idpf:ocf_spec,
title = "{EPUB} {O}pen {C}ontainer {F}ormat ({OCF}) 3.0",
author = "{James Pritchett} and {Learning Ally} and {Markus Gylling}",
publisher = "International Digital Publishing Forum",
year = "2011",
url = "http://idpf.org/epub/30/spec/epub30-ocf.html",
lastchecked = "May~31, 2012"
}
%howpublished = "http://idpf.org/epub/30/spec/epub30-ocf.html",
%note = "(accessed 31-May-2012)"

@online{idpf:drm-rfc,
title = "Request for {C}omments: {U}se {C}ases \& {R}equirements for {L}ightweight {C}ontent {P}rotection for {EPUB}",
author = "{International Digital Publishing Forum}",
publisher = "International Digital Publishing Forum",
year = "2012",
url = "http://idpf.org/lcp_draft_reqs_announce",
lastchecked = "May~28, 2012"
}
%author = "?",
%howpublished = "http://idpf.org/lcp_draft_reqs_announce",
%note = "(accessed 28-May-2012)"

@online{idpf:lcp-uc,
title = "{EPUB} {L}ightweight {C}ontent {P}rotection: {U}se {C}ases \& {R}equirements",
author = "{Bill Rosenblatt}",
publisher = "International Digital Publishing Forum",
year = "2012",
url = "http://idpf.org/epub-content-protection",
lastchecked = "May~28, 2012"
}
%howpublished = "http://idpf.org/epub-content-protection",
%note = "(accessed 28-May-2012)"

@online{idpf:lcp-rfp,
title = "{EPUB} {L}ightweight {C}ontent {P}rotection: {R}equest for {P}roposals",
author = "{Bill Rosenblatt}",
publisher = "International Digital Publishing Forum",
year = "2012",
url = "http://idpf.org/epub-content-protection-rfp",
lastchecked = "July~30, 2012"
}
%howpublished = "http://idpf.org/epub-content-protection-rfp",
%note = "(accessed 30-July-2012)"

@online{cplus:levy,
title = "La {N}ouvelle {E}dition du 29/03 - {P}art. 3 {M}arc {L}evy",
author = "{La Nouvelle Edition}",
publisher = "SOCIETE D'EDITION DE CANAL PLUS",
year = "2012",
url = "http://player.canalplus.fr/#/617029",
lastchecked = "July~23, 2012",
note = "Online video clip (in French)"
}
%author = "?",
%howpublished = "http://player.canalplus.fr/#/617029",
%note = "(accessed 23-July-2012)"

@online{microsoft:reader,
title = "Closing the book",
author = "{Microsoft Corporation}",
publisher = "Microsoft Corporation",
year = "2010",
url = "http://www.microsoft.com/reader/",
lastchecked = "August~26, 2012"
}
%author = "?",
%howpublished = "http://www.microsoft.com/reader/",
%note = "(accessed 26-August-2012)"

@online{indicare:tiramisu,
title = "{TIRAMISU}: {T}hat's unobtrusive {DRM} in the home domain",
author = "{Bo\v{s}tjan Maru\v{s}i\v{c}} and {Philippe de Cuetos} and {Laurent Piron} and {Zvi Lifshitz}",
publisher = "INDICARE",
year = "2005",
url = "http://indicare.org/tiki-read_article.php?articleId=125",
lastchecked = "November~14, 2012"
}
%howpublished = "http://indicare.org/tiki-read_article.php?articleId=125",
%note = "(accessed 14-November-2012)"

@online{about:ipad,
title = "Comparing e-{R}eaders: i{P}ad vs {K}indle vs {N}ook",
author = "{Sam Costello}",
publisher = "About.com",
year = "2012",
url = "http://ipod.about.com/od/ipadcomparisons/a/comparing-ipad-kindle-nook.htm",
lastchecked = "November~14, 2012"
}
%howpublished = "http://ipod.about.com/od/ipadcomparisons/a/comparing-ipad-kindle-nook.htm",
%note = "(accessed 14-November-2012)"

@online{geek:e-ink,
title = "E {I}nk promises thinner, lighter, higher resolution, and color e-paper displays",
author = "{Matthew Humphries}",
publisher = "Ziff Davis, Inc",
year = "2011",
url = "http://www.geek.com/articles/gadgets/e-ink-promises-thinner-lighter-higher-resolution-and-color-e-paper-displays-2011095/",
lastchecked = "November~14, 2012"
}
%howpublished = "http://www.geek.com/articles/gadgets/e-ink-promises-thinner-lighter-higher-resolution-and-color-e-paper-displays-2011095/",
%note = "(accessed 14-November-2012)"

@online{lee:watermark,
title = "{EMTM} 553: {E}-commerce {S}ystems - {L}ecture 7a:  {D}igital {W}atermarking",
author = "{Insup Lee}",
publisher = "University of Pennsylvania",
year = "2001",
url = "http://www.cis.upenn.edu/~lee/00emtm553/watermark.ppt",
note = "(slide show presentation)",
lastchecked = "November~15, 2012"
}
%howpublished = "http://www.cis.upenn.edu/~lee/00emtm553/watermark.ppt",
%note = "(accessed 15-November-2012)"

@online{kevinfranco:socialDRM,
title = "Packaged {D}igital {R}ights {M}essaging",
author = "{Kevin Franco}",
year = "2012",
url = "http://kevinfranco.blogspot.fi/2012/05/packaged-digital-rights-messaging.html",
lastchecked = "November~15, 2012"
}
%publisher = "blogspot??",
%howpublished = "http://kevinfranco.blogspot.fi/2012/05/packaged-digital-rights-messaging.html",
%note = "(accessed 15-November-2012)"

@online{OpinionWay:baro_v1,
title = "Barom\`etre des usages du livre num\'erique - Vague 1\textemdash Mars 2012",
author = "{OpinionWay}",
publisher = "Soci\'et\'e Fran\c{c}aise des Int\'er\^ets des Auteurs de l'\'ecrit (Sofia), Syndicat national de l'\'edition (Sne) and Soci\'et\'e des Gens de lettres (SGDL)",
year = "2012",
url = "http://www.opinion-way.com/pdf/opinionway_barometre_des_usages_du_livre_numerique_-_vague_1.pdf",
note = "(in French)",
lastchecked = "November~20, 2012"
}
%howpublished = "http://sne.fr/img/pdf/SDL/2012/Barometre_SofiaSneSgdl_Les%20usagesdulivrenumerique_mars2012.pdf",
%note = "(accessed 20-November-2012)"

@online{OpinionWay:baro_v2,
title = "Barom\`etre des usages du livre num\'erique - Vague 2\textemdash Septembre 2012",
author = "{OpinionWay}",
publisher = "Soci\'et\'e Fran\c{c}aise des Int\'er\^ets des Auteurs de l'\'ecrit (Sofia), Syndicat national de l'\'edition (Sne) and Soci\'et\'e des Gens de lettres (SGDL)",
year = "2012",
url = "http://www.opinion-way.com/pdf/barometre_livre_numerique_-_vague_2_-_pour_presentation_orale_vf.pdf",
note = "(in French)",
lastchecked = "November~20, 2012"
}
%howpublished = "http://www.opinion-way.com/pdf/barometre_livre_numerique_-_vague_2_-_pour_presentation_orale_vf.pdf",
%note = "(accessed 20-November-2012)"

@online{humble:eBook,
title = "Prior {B}undle {S}tatistics",
author = "{Humble Bundle, Inc.}",
publisher = "Humble Bundle, Inc.",
year = "2012",
url = "http://support.humblebundle.com/customer/portal/articles/281031-prior-bundle-statistics",
lastchecked = "November~21, 2012"
}
%author = "?",
%howpublished = "http://support.humblebundle.com/customer/portal/articles/281031-prior-bundle-statistics",
%note = "(accessed 21-November-2012)"

@online{numerama:drm,
title = "Un \'editeur supprime les {DRM} et devient un leader sur le march\'e des ebooks",
author = "{Julien L.}",
publisher = "PressTIC / Numerama",
year = "2011",
url = "http://www.numerama.com/magazine/18904-un-editeur-supprime-les-drm-et-devient-un-leader-sur-le-marche-des-ebooks.html",
lastchecked = "November~27, 2012",
note = "(in French)"
}
%howpublished = "http://www.numerama.com/magazine/18904-un-editeur-supprime-les-drm-et-devient-un-leader-sur-le-marche-des-ebooks.html",
%note = "(accessed 27-November-2012)"

@online{ms:playready,
title = "Microsoft {P}lay{R}eady {C}ontent {A}ccess {T}echnology {W}hite {P}aper",
author = "{Microsoft Corporation}",
publisher = "Microsoft Corporation",
year = "2008",
url = "http://www.microsoft.com/playready/documents/",
note = "(to be downloaded in docx format)",
lastchecked = "December~18, 2012"
}
%author = "?",
%howpublished = "http://www.microsoft.com/playready/documents/",
%note = "(accessed 18-December-2012)"

@online{fsf:gplv3,
title = "{GNU} {G}eneral {P}ublic {L}icense",
author = "{Free Software Foundation, Inc.}",
publisher = "Free Software Foundation, Inc.",
year = "2007",
url = "http://www.gnu.org/licenses/gpl-3.0.html",
lastchecked = "January~02, 2013"
}
%author = "?",
%howpublished = "http://www.gnu.org/licenses/gpl-3.0.html",
%note = "(accessed 02-January-2013)"

@online{mobi:about,
title = "About {M}obipocket",
author = "{Mobipocket}",
publisher = "Mobipocket.com",
url = "http://www.mobipocket.com/en/Corporate/AboutMobipocket.asp",
lastchecked = "January~04, 2013"
}
%author = "?",
%year = "?",
%howpublished = "http://www.mobipocket.com/en/Corporate/AboutMobipocket.asp",
%note = "(accessed 04-January-2013)"

@online{tdr:rip_mobi,
title = "{RIP}: {M}obipocket 2000-2011",
author = "{Nate Hoffelder}",
publisher = "The Digital Reader",
year = "2011",
url = "http://www.the-digital-reader.com/2011/11/02/rip-mobipocket-2000-2011/#.UOrIvndqOjZ",
lastchecked = "January~04, 2013"
}
%howpublished = "http://www.the-digital-reader.com/2011/11/02/rip-mobipocket-2000-2011/#.UOrIvndqOjZ",
%note = "(accessed 04-January-2013)"

@online{amazon:kf8,
title = "Kindle {F}ormat 8",
author = "{Amazon.com, Inc.}",
publisher = "Amazon.com, Inc.",
url = "http://www.amazon.com/gp/feature.html?ie=UTF8&docId=1000729511",
lastchecked = "January~04, 2013"
}
%author = "?",
%year = "?",
%howpublished = "http://www.amazon.com/gp/feature.html?ie=UTF8&docId=1000729511",
%note = "(accessed 04-January-2013)"

@online{glaz:iba,
title = "i{B}ooks {A}uthor, a nice tool but..",
author = "{glazou}",
publisher = "Glazblog",
year = "2012",
url = "http://www.glazman.org/weblog/dotclear/index.php?post/2012/01/20/iBooks-Author-a-nice-tool-but",
lastchecked = "January~04, 2013"
}
%howpublished = "http://www.glazman.org/weblog/dotclear/index.php?post/2012/01/20/iBooks-Author-a-nice-tool-but",
%note = "(accessed 04-January-2013)"

@online{apple:iba_faq,
title = "i{B}ooks {A}uthor: {P}ublishing and distribution {FAQ}",
author = "{Apple Inc.}",
publisher = "Apple Inc.",
year = "2012",
url = "http://support.apple.com/kb/HT5071",
lastchecked = "January~04, 2013"
}
%author = "?",
%howpublished = "http://support.apple.com/kb/HT5071",
%note = "(accessed 04-January-2013)"

@online{dan:hard-soft-drm-1,
title = " Hard and {S}oft {DRM}: {P}art 1",
author = "{Martyn Daniels}",
year = "2009",
url = "http://bookseller-association.blogspot.com/2009/12/hard-and-soft-drm-part-1.html",
lastchecked = "January~18, 2013"
}
%howpublished = "http://bookseller-association.blogspot.com/2009/12/hard-and-soft-drm-part-1.html",
%publisher = "bookseller-association?",
%note = "(accessed 18-January-2013)"

@online{dan:hard-soft-drm-2,
title = " Hard and {S}oft {DRM}: {P}art 2",
author = "{Martyn Daniels}",
year = "2009",
url = "http://bookseller-association.blogspot.com/2009/12/hard-and-soft-drm-part-2.html",
lastchecked = "January~18, 2013"
}
%howpublished = "http://bookseller-association.blogspot.com/2009/12/hard-and-soft-drm-part-2.html",
%publisher = "bookseller-association?",
%note = "(accessed 18-January-2013)"

@online{rosenblatt:pottermore,
title = "The {H}arry {P}otter {W}atermarking {E}xperiment",
author = "{Bill Rosenblatt}",
publisher = "Copyright and Technology",
year = "2012",
url = "http://copyrightandtechnology.com/2012/04/08/the-harry-potter-watermarking-experiment",
lastchecked = "January~28, 2013"
}

@online{w3c:uc_webcrypto,
title = "{Web Cryptography API Use Cases}",
author = "{Arun Ranganathan}",
year = "2013",
publisher = "{W3C}",
url = "http://www.w3.org/TR/webcrypto-usecases",
lastchecked = "April~12, 2014"
}

@online{matasano:js_bad_crypto,
title = "{Javascript Cryptography Considered Harmful}",
year = "2013",
author = "{Matasano Security}",
publisher = "{Matasano Security}",
url = "http://www.matasano.com/articles/javascript-cryptography",
lastchecked = "April~12, 2014"
}
%author = "???",

@online{green:js_bad_crypto,
title = "The anatomy of a bad idea",
author = "{Matthew Green}",
year = "2012",
url = "http://blog.cryptographyengineering.com/2012/12/the-anatomy-of-bad-idea.html",
lastchecked = "April~12, 2014"
}
%publisher = "??",




%howpublished = "http://copyrightandtechnology.com/2012/04/08/the-harry-potter-watermarking-experiment",
%note = "(accessed 28-January-2013)"

%http://www.w3.org/2005/Incubator/lld/XGR-lld-usecase/

%2012-01-26 search how adobe drm works http://www.adobe.com/uk/epaper/features/drm/howdrmworks.html

%2012-01-26 Olli example about oauth http://www.evernote.com/about/developer/api/evernote-api.htm

%2012-01-26 example of DRM http://www.drumlinsecurity.com/how.html

%2012-01-26 adobe DRM api (javadoc) http://livedocs.adobe.com/fmrms/1.0.1/spiDev/javadoc/index.html?com/adobe/edc/server/spi/authorization/ExternalAuthDTO.html

%2012-01-26 http://www.w3.org/Privacy/

%2012-01-26 http://www.primelife.eu/

%2012-01-30 eu regulation about private data protection http://conventions.coe.int/treaty/en/treaties/html/108.htm
%2012-01-30 ISO about information security http://en.wikipedia.org/wiki/ISO/IEC_27002

%2012-01-30 http://radar.oreilly.com/2011/09/publishers-you-have-to-change.html

%2012-01-30 http://www.slideshare.net/digitalbookworld/consumer-attitudes-toward-ebook-reading

%2012-02-03 OMA-DRM use as an example of full implementation http://www.openmobilealliance.org/Technical/release_program/drm_v2_2.aspx

%2012-02-03 DRM technical detail http://www.dlib.org/dlib/june01/iannella/06iannella.html

%2012-02-22 copyright recomendation http://www.communia-association.org/recommendations-2/

%2012-03-08 How DRM works http://www.kcoyle.net/drm_basics4.html 
% http://computer.howstuffworks.com/drm7.htm

%2012-03-09 Marlin DRM http://www.marlin-community.com/news/press/eBooks
% http://www.marlin-community.com/technology
% http://www.marlin-community.com/files/Marlin%20Architecture%20Overview110531.pdf

%2012-03-15 sale of book and ebook in Finland http://tilastointi.kustantajat.fi/PublicReporting/Yearly.aspx?reportName=YearlySalesPcsPrint.xml&language=ENG
% http://tilastointi.kustantajat.fi/PublicReporting/Yearly.aspx?reportName=YearlySalesEurDigital.xml&language=ENG

%2012-03-20 Apple iBooks license 
% http://www.glazman.org/weblog/dotclear/index.php?post/2012/01/20/iBooks-Author-a-nice-tool-but
% http://venomousporridge.com/post/16126436616/ibooks-author-eula-audacity

%2012-03-27 TO CHECK http://www.digital-rights.org/

%2012-03-27 adobe drm cracked http://www.locklizard.com/pdf_security_news.htm

%2012-03-27 nice paper about drm http://www.cse.wustl.edu/~jain/cse571-11/ftp/drm/index.html

%2012-03-27 w3c drm into html5? http://dvcs.w3.org/hg/html-media/raw-file/tip/encrypted-media/encrypted-media.html
%http://www.pcinpact.com/news/69193-html5-drm-proposition-extensions-w3c.htm
%2012-03-28 http://www.webmonkey.com/2012/02/html-editor-calls-html5-video-copy-protection-proposal-unethical/

%2012-03-27 w3c open drm and odrl http://www.w3.org/TR/odrl/
%http://www.w3.org/community/odrl/
%http://www.w3.org/2000/12/drm-ws/pp/iprsystems-iannella.pdf
%http://www.w3.org/2000/12/drm-ws/pp/iprsystems-iannella2.pdf
%http://www.w3.org/2010/11/web-and-tv/slides/BBC-WebTV-ContentProtection/index.html#1

%2012-03-30 IEEE drm stuff http://www.ieee.org/portal/site/emergingtech/techindex.jsp?techId=67
%http://ieeexplore.ieee.org/xpls/abs_all.jsp?arnumber=5689790&tag=1
%http://ieeexplore.ieee.org/xpls/abs_all.jsp?arnumber=6122785

%2012-04-26 ebook publisher with no DRM
%http://www.publishersweekly.com/pw/by-topic/digital/content-and-e-books/article/45000-libraries-say-no-drm--springer-agrees-.html
%http://shop.oreilly.com/category/customer-service/ebooks.do
%http://www.tor.com/blogs/2012/04/torforge-e-book-titles-to-go-drm-free
%http://www.antipope.org/charlie/blog-static/2012/04/more-on-drm-and-ebooks.html

%2012-04-26 http://csclub.uwaterloo.ca/media/Copyright%20vs%20Community%20in%20the%20Age%20of%20Computer%20Networks.html

%http://hadopi.fr/sites/default/files/page/pdf/20130724-DREV-Acces%20aux%20oeuvres%20sur%20Internet.pdf
